@book{Steger:diskrete:Strukturen,
  author    = {Angelika Steger},
  title     = {Diskrete Strukturen: Band 1},
  year		= {2007},
  publisher = {Berlin, Heidelberg : Springer-Verlag Berlin Heidelberg},
}

@book{Widmayer:algorithmen:datenstrukturen,
  author    = {Thomas Ottmann, Peter Widmayer},
  title     = {Algorithmen und Datenstrukturen},
  year		= {2012},
  publisher = {Spektrum Akademischer Verlag},
}
